<record><leader>00000cas a22000007a 4500</leader><controlfield tag="001">19844846</controlfield><controlfield tag="008">890610d19831988njuwr ne      0    0eng d</controlfield><datafield ind1=" " ind2=" " tag="010"><subfield code="a">sn 89069048 </subfield></datafield><datafield ind1=" " ind2=" " tag="040"><subfield code="a">NJW</subfield><subfield code="b">eng</subfield><subfield code="c">NJW</subfield><subfield code="d">OCLCQ</subfield></datafield><datafield ind1=" " ind2=" " tag="042"><subfield code="a">msc</subfield></datafield><datafield ind1="0" ind2="0" tag="245"><subfield code="a">Plainfield today.</subfield></datafield><datafield ind1=" " ind2=" " tag="260"><subfield code="a">Plainfield, N.J. :</subfield><subfield code="b">Henry Johnson,</subfield><subfield code="c">1983-1988.</subfield></datafield><datafield ind1=" " ind2=" " tag="310"><subfield code="a">Weekly</subfield></datafield><datafield ind1="0" ind2=" " tag="362"><subfield code="a">Vol. 1, no. 1 (Sept. 22, 1983)-v. 5 (Feb./Mar. 1988).</subfield></datafield><datafield ind1=" " ind2=" " tag="752"><subfield code="a">United States</subfield><subfield code="b">New Jersey</subfield><subfield code="c">Union</subfield><subfield code="d">Plainfield.</subfield></datafield></record>